@book {norvig, 
	place={Boston}, 
	title={Artificial Intelligence: A Modern Approach}, 
	publisher={Pearson}, 
	author={Russell, Stuart and Norvig, Peter}, 
	year={2016},
	edition={3}
}

@book {winston, 
	place={Boston}, 
	title={Artificial Intelligence}, 
	publisher={Addison-Wesley}, 
	author={Winston, Patrick}, 
	year={1993},
	edition={3}
}

@inproceedings{russell_paper,
	author = {Russell, Stuart},
	title = {Efficient Memory-bounded Search Methods},
	booktitle = {Proceedings of the 10th European Conference on Artificial Intelligence},
	series = {ECAI '92},
	year = {1992},
	location = {Vienna, Austria},
	publisher = {John Wiley \& Sons, Inc.},
	address = {New York, NY, USA},
} 

@inproceedings{korf_paper,
	author = {Korf},
	title = {Linear-Space best-First Search: Summary of results},
	booktitle = {Proceedings of the Tenth National Conference on Artificial Intelligence},
	series = {AAAI'92},
	year = {1992},
	isbn = {0-262-51063-4},
	location = {San Jose, California},
	pages = {129--134},
	numpages = {6},
	url = {http://dl.acm.org/citation.cfm?id=1867135.1867155},
	acmid = {1867155},
	publisher = {AAAI Press},
} 